%% This BibTeX bibliography file was created using BibDesk.
%% http://bibdesk.sourceforge.net/


%% Created for Simon at 2014-03-10 23:51:08 +0800 


%% Saved with string encoding Unicode (UTF-8) 


@phdthesis{钟永松2007基于,
  title={基于 OVAL 的漏洞评估系统研究 [D]},
  author={钟永松},
  year={2007},
  school={电子科技大学}
}

@article{morishita1992activation,
	Author = {Morishita, Kazuhiro and Parganas, Evan and William, CL and Whittaker, Michael H and Drabkin, Harry and Oval, John and Taetle, Raymond and Valentine, Marcus B and Ihle, James N},
	Date-Added = {2014-03-10 15:38:22 +0000},
	Date-Modified = {2014-03-10 15:39:39 +0000},
	Journal = {Proceedings of the National Academy of Sciences},
	Number = {9},
	Pages = {3937--3941},
	Title = {Activation of EVI1 gene expression in human acute myelogenous leukemias by translocations spanning 300-400 kilobases on chromosome band 3q26.},
	Volume = {89},
	Year = {1992}}
