% DO NOT DELETE This File!!!

% encoding: GBK

% empty file
